@ARTICLE{2011,
	author = {{Liu Yuhang} and {Zhu Mingfa} and {Wang Jue} and {Xiao Limin} and {Gong Tao}},
	usera = {5},
	title = {XTorus: An Extended Torus On-Chip Network Topology Oriented for Massive Data Communication},
	journal = {26th IEEE International Parallel \& Distributed Processing Symposium},
	year = {2012},
	note = {EI-Indexed}
}

