@CONFERENCE{xtorus,
	author = {{Yu-Hang~Liu} and {Mingfa~Zhu} and {Jue~Wang} and {Limin~Xiao} and {\emph{Tao~Gong}}},
	title = {XTorus: An Extended Torus for On-Chip Massive Data Communication},
	booktitle = {26th IEEE International Parallel \& Distributed Processing Symposium},
	year = {2012},
	note = {EI-Indexed},
	url = {http://www.informatik.uni-trier.de/~ley/db/conf/ipps/ipdps2012w.html}
}

@CONFERENCE{xen1,
	author = {{Wei~Zhang} and {Mingfa~Zhu} and {\emph{Tao~Gong}} and {Limin~Xiao} and {Li~Ruan} and {Yiduo~Mei} and {Yuzhong~Sun}},
	title = {Performance Degradation-aware Virtual Machine Live Migration in Virtualized Servers},
	booktitle = {The Thirteenth International Conference on Parallel and Distributed Computing, Applications and Technologies},
	year = {2012},
	url = {http://www.pdcat2012.org/}
}

@CONFERENCE{xen2,
	author = {{Wei~Zhang} and {Mingfa~Zhu} and {Yiduo~Mei} and {Limin~Xiao} and {Li~Ruan} and {\emph{Tao~Gong}} and {Tao~Li} and {Yunwei~Gao} and {Yuzhong~Sun}},
	title = {LVMCI: Efficient and Effective VM Live Migration Selection Scheme in Virtualized Data Centers},
	booktitle = {18th IEEE International Conference on Parallel and Distributed Systems},
	year = {2012},
	url = {http://pdcc.ntu.edu.sg/icpads2012/}
}


@CONFERENCE{rtssdemo,
author = {\emph{Tao~Gong} and Shaobo~Zheng and Song~Han and Mark~Nixon},
title = {Real-Time Analytics Platform for Large-scale Industrial Process Monitoring and Control},
booktitle = {IEEE Real-Time Systems Symposium @Work 2014}
}

@CONFERENCE{ecrts,
author = {Shengyan~Hong and Xiaobo~Sharon~Hu and \emph{Tao~Gong} and Song~Han},
title = {On-line Data Link Layer Scheduling in Wireless Networked Control Systems},
booktitle = {27th Euromicro Conference on Real-Time Systems}
}

